1800 3257
267 159 612 214 Emendanda
644 168 700 209 et
733 169 901 210 errata
937 160 1262 227 corrigenda.

74 232 326 341 Paffl-l-naz
355 288 464 332 loco
488 282 683 331 Octobr.
698 285 788 347 leg.
815 288 935 344 Sept.
968 282 1320 346 locoDe001eg.
1336 284 1444 331 Oct.

100 360 156 402 17
184 370 240 378 -
273 350 326 390 16
383 368 426 379 --
482 343 662 387 virides
692 342 783 403 leg.
813 344 988 386 viride.

271 413 322 452 17
379 426 423 437 --
478 400 584 442 rufa
603 398 695 458 leg.
717 399 897 448 rufum.

93 472 152 512 ‚21
182 456 362 518 penult.
387 481 430 490 --
488 456 594 501 albo
623 455 714 498 leo.
742 457 841 498 alba

94 530 152 563 22
178 513 463 578 antepenult.
487 513 646 556 deleat.
672 492 730 566 ξ)
751 510 930 569 penult.
951 526 996 555 et
1011 511 1098 556 ult.
1119 514 1230 556 Ioco
1251 511 1454 556 Rothiae

619 568 656 612 l.
681 568 936 612 Fibichiae.
1253 597 1257 601 -

94 643 150 688 23
179 653 235 663 —-
268 642 318 686 19
347 629 436 672 loc>
452 625 609 669 cerule
634 626 669 670 l.
695 624 840 669 caule.
858 638 908 680 25
926 624 1060 672 ult.l.
1079 659 1089 671 .
1106 626 1443 671 Rudimentum

94 700 148 738 27
178 710 235 719 --
293 699 316 739 5
343 696 446 738 ante
467 685 539 727 uti
564 699 690 743 pone
718 695 935 727 ceterum.

93 755 148 797 29
183 767 238 774 -
294 755 322 793 7
344 755 386 784 et
415 747 438 789 8
463 742 664 784 deleatur
690 753 766 783 aut

94 811 145 853 31
179 824 232 832 —
266 807 316 845 18
344 800 452 841 loco
476 797 682 842 tabulosa
712 798 745 839 l.
771 796 1003 842 tubulosa.

94 869 146 911 41
179 881 237 888 -—
266 867 313 909 31
377 882 418 890 --
480 863 597 917 Aug.
625 854 660 899 l.
684 855 762 901 Jul
802 879 851 886 -
875 860 920 903 β.
939 859 1066 916 Sept.

91 921 146 964 48
174 936 229 944 --
289 919 314 961 8
375 939 416 947 --
475 911 910 972 subamplectentem
936 910 970 954 l.
993 910 1408 971 subamplectente.

93 983 144 1027 53
175 994 230 1001 -—
288 982 315 1013 2
345 982 452 1028 post
474 969 643 1013 werth.
663 970 768 1014 add.
793 987 840 1029 p.
867 979 961 1021 ης.

178 1051 233 1058 -—
264 1040 468 1084 antepen.
497 1039 606 1085 post
631 1025 784 1068 albida
807 1041 954 1085 pone,

91 1086 148 1134 60
176 1108 230 1116 —
262 1097 313 1138 31
345 1085 451 1125 loco
477 1083 839 1141 amplexicantes
863 1084 898 1127 l.
924 1080 1237 1142 amplexantes

89 1142 145 1183 62
177 1165 231 1172 —
290 1147 315 1188 8
372 1165 414 1173 ·-
472 1139 587 1183 Poll.
624 1139 658 1181 l.
683 1140 798 1184 Pan.

90 1211 144 1251 70
173 1222 228 1229 —
258 1209 310 1250 33
343 1211 450 1256 post
473 1196 740 1253 aequalibus
770 1196 884 1240 adde
915 1208 992 1239 aut

88 1265 140 1305 71
172 1277 226 1285 -
256 1261 310 1302 28
368 1278 410 1288 --
470 1253 862 1301 offici11aliadde;
892 1252 981 1295 lin·
1015 1264 1072 1303 29
1110 1263 1219 1311 post
1250 1247 1446 1310 panicu-

610 1309 680 1352 lae
705 1309 828 1352 loco.
857 1325 1010 1367 pone,

86 1378 142 1418 72
172 1387 226 1398 -·
284 1377 311 1416 7
370 1391 412 1398 --
469 1364 659 1408 linearis
686 1365 788 1426 lege
811 1366 996 1407 lineari.

86 1436 141 1478 73
174 1445 228 1454 —
260 1434 312 1476 19
370 1447 412 1455 --
471 1437 680 1478 supi-ema
696 1422 784 1462 lesr.
812 1421 1037 1478 supremi.
1061 1433 1107 1462 et
1127 1417 1310 1476 penult.
1337 1415 1445 1460 loco

619 1455 852 1536 spicafiter
872 1478 904 1519 l.
930 1476 1183 1535 spiraliter.

87 1543 143 1586 82
174 1559 228 1568 —
259 1546 469 1592 antepen.
504 1546 608 1592 post
633 1548 739 1578 sunt
761 1535 876 1578 adde
909 1533 933 1589 )

86 1603 136 1648 ὃς
172 1617 223 1625 —·
256 1605 308 1646 31
340 1604 440 1632 ante
471 1609 542 1633 dm
572 1607 694 1648 Pone
726 1606 768 1635 et

87 1658 140 1700 88
172 1673 226 1682 —
255 1660 309 1704 23
340 1661 449 1708 post
476 1661 524 1703 55
554 1650 668 1692 adde
696 1648 822 1692 Roth
855 1661 891 1690 ῐ.
922 1660 990 1703 3¹-
1014 1660 1057 1695 2.
1079 1656 1150 1699 82.
1183 1643 1377 1704 Scopoli
1405 1657 1443 1687 1.

592 1707 660 1748 60.
694 1707 916 1749 Schrank.
954 1719 990 1749 1.
1024 1719 1123 1762 324.
1152 1705 1336 1749 Hoffm.
1365 1714 1435 1758 34.

593 1765 746 1823 Hopp.
773 1763 839 1821 pl.
864 1780 951 1806 rar.
973 1782 1013 1808 e.
1044 1776 1084 1810 1.

86 1827 139 1874 89
169 1843 225 1853 -
284 1830 311 1872 7
341 1819 451 1862 loco
477 1819 731 1863 eoi-ollacea
756 1820 787 1862 l.
809 1821 1019 1878 calycina
1041 1835 1084 1864 et
1106 1833 1157 1864 10
1176 1819 1282 1863 loco
1314 1817 1441 1874 caly-

584 1876 688 1920 cina
706 1876 805 1934 lege
830 1877 1102 1922 corollacea.

82 1945 138 1989 92
166 1957 222 1967 -
257 1945 307 1977 12
360 1960 406 1970 --
463 1933 625 1995 longas
648 1934 680 1976 l.
719 1926 889 1996 ldngos
911 1948 955 1978 et
992 1947 1038 1988 13
1065 1936 1174 1978 loco
1210 1930 1440 1992 expilatos

526 1997 531 2002 “
578 1991 596 2033 l
636 2009 684 2034 ca
721 1993 856 2034 itatos

82 2058 134 2102 95
167 2069 224 2079 -·-
256 2058 305 2100 19
361 2073 406 2082 --
463 2007 784 2109 Dactylofiege
800 2045 1440 2104 Panic0.lin.:eapostRheni

580 2106 693 2148 adde
723 2121 866 2163 prope
887 2106 1177 2169 Maguntiam
1201 2105 1268 2147 im
1292 2102 1443 2147 Saudo

582 2175 625 2204 et
646 2162 945 2205 Harteberoe.
1007 2178 1010 2180 ’

59 2227 139 2259 100
168 2240 223 2247 -
255 2227 309 2269 14
338 2231 447 2276 post
480 2234 592 2262 vero
624 2234 743 2277 pone
764 2200 935 2261 nullave.

59 2274 140 2316 106
170 2296 226 2304 --
257 2288 470 2333 antepen.
499 2274 607 2318 loco
634 2277 813 2318 arietata
834 2276 933 2337 lege
960 2276 1189 2320 aristatam

58 2335 140 2376 108
171 2353 227 2361 --
255 2342 308 2384 23
329 2345 436 2390 post
457 2332 704 2391 pedicellis
720 2333 951 2382 deleatur,
985 2345 1038 2384 24
1058 2347 1164 2391 post
1197 2331 1446 2374 subsecun-

483 2390 583 2431 .dae
599 2403 798 2448 ponatur
822 2421 835 2445 ‚
856 2402 904 2445 25
922 2404 1030 2449 post
1052 2392 1189 2434 arista
1202 2388 1406 2432 deleatur
1426 2413 1442 2436 ‚
