1800 3257
266 129 308 180 6
591 142 871 188 minctum
942 131 1033 196 (ad
1066 132 1196 186 Tab.
1231 134 1351 198 ΙΙΙ.)

278 250 392 309 gula
420 249 642 310 obliqua,
678 269 844 312 parva,
874 255 1046 301 albida.
1115 258 1164 300 V
1159 261 1327 316 aginae
1350 257 1562 312 sti-ianae,
1590 274 1666 303 re·

279 320 488 352 troisum
513 309 834 358 scaberrimae.
896 313 1124 357 Panic-ula
1162 313 1381 373 palmaris
1403 330 1448 359 et
1471 315 1665 378 longior

279 381 455 408 ramosa
476 396 491 419 ,
542 383 737 423 superne
771 371 981 428 primum
1013 384 1276 426 contracta,
1319 386 1364 416 et
1399 373 1453 415 in
1489 374 1666 418 summi

279 421 395 466 folii
424 422 597 484 vagina
612 423 830 481 latitans,
874 428 985 475 dein
1019 429 1296 482 divaricata,
1336 429 1534 489 spiculis
1565 430 1665 488 ple-

279 495 480 537 rumque
503 481 682 523 semina
711 483 988 542 imperfecta
1017 485 1318 545 gerentibus:
1362 484 1548 543 inferne
1569 502 1666 530 ma·

278 536 406 580 xima
428 553 485 580 ex
507 551 633 594 parte
656 555 840 599 semper
862 543 914 584 in
936 546 1102 601 vagina
1123 542 1309 587 latitans
1330 573 1343 595 ‚
1375 542 1572 602 spiculis
1594 559 1667 588 se-

276 594 406 636 mina
458 595 662 653 perfecta
711 599 1105 655 producentibus,
1193 600 1399 643 Rhachis
1449 614 1568 643 teres
1619 614 1665 646 et

276 651 487 694 flexuosa
518 653 767 712 praecipue
795 655 1000 703 inferne.
1051 656 1302 699 Pedunculi
1321 657 1519 710 alterni,
1551 657 1666 700 soli-

279 708 388 749 tarii
407 739 420 760 ,
460 725 564 752 raro
586 711 797 770 gemini,
840 714 1021 771 sparsi,
1055 728 1186 771 saepe
1208 716 1411 766 ramosi,
1442 714 1666 768 flexuosi,

278 778 526 817 nutantes,
556 783 722 811 versus
759 769 936 826 apicem
974 770 1219 813 Rhacheos
1251 769 1493 815 breviores
1522 783 1568 813 et
1595 786 1666 814 se·

278 823 454 874 cundi,
497 838 660 867 omnes
698 825 799 868 basi
837 827 1039 879 nodosi,
1084 827 1253 870 scabri.
1317 827 1537 869 Pedicelli
1571 828 1667 886 spi-

278 878 491 921 cularum
523 880 821 936 inaequales,
865 896 909 926 et
940 884 1141 942 plurimi
1170 885 1256 926 vix
1281 885 1550 938 manifesti,
1589 899 1667 943 pa-

278 935 574 979 tentiusculi.
641 938 856 993 Spiculae
887 956 944 982 ex
971 940 1131 983 albido
1152 941 1360 983 -virides
1379 971 1393 993 ,
1425 941 1666 986 obtusius-

279 991 440 1044 culae,
493 1008 678 1050 semper
716 995 842 1048 (imo
878 996 930 1038 in
977 1012 1023 1040 et
1045 1010 1154 1057 post
1175 997 1414 1054 anthesin)
1465 998 1660 1042 clausae.

285 1048 518 1091 Valvulae
549 1050 734 1107 glumae
768 1054 979 1115 margine
1015 1069 1060 1097 et
1093 1054 1252 1097 carina
1283 1054 1489 1106 dorsali,
1533 1054 1667 1097 cilia-

278 1117 328 1148 to
350 1129 378 1136 -
400 1106 616 1165 hispidae
637 1139 651 1161 ,
704 1111 865 1153 nervis
899 1112 1141 1155 viridibus
1161 1141 1174 1164 ,
1227 1126 1412 1154 sursum
1436 1111 1663 1169 hispidis,

279 1163 503 1215 donatae3
547 1169 758 1208 exterior
790 1167 1094 1212 semilunaris
1115 1199 1128 1220 ,
1162 1170 1383 1209 interiore
1408 1167 1666 1212 lanceolata

277 1219 422 1262 latior
455 1234 500 1264 ct
532 1222 768 1266 marorines
805 1225 905 1286 ejus
937 1225 1206 1268 includens.
1271 1224 1535 1266 Filanzenta
1566 1224 1664 1269 basi

280 1278 444 1320 ovario
469 1295 600 1336 saepe
625 1257 931 1340 fdglutinata.
995 1282 1156 1323 Semen
1183 1281 1439 1340 nigricans.

279 1346 409 1389 flor.
450 1348 597 1387 Mess.
617 1368 671 1377 —
696 1348 921 1392 Vendem.
982 1349 1171 1393 IvIaeur.
1216 1348 1662 1396 Therm.--Brum.

438 1404 484 1448 β.
499 1403 611 1447 Jun.
625 1425 679 1433 -—-
695 1406 727 1451 β
752 1403 952 1450 Octobr.
1252 1408 1296 1453 β.
1311 1404 1411 1452 Jul.
1426 1429 1480 1438 -
1492 1409 1660 1455 ss.Dec.

278 1470 438 1511 Habit.
496 1471 552 1512 ad
571 1472 694 1527 ripas
714 1473 948 1515 fossarum
977 1485 1022 1515 et
1048 1473 1334 1521 fluviorum3
1382 1473 1437 1515 in
1457 1473 1662 1524 rivulis;

275 1526 422 1584 pratis
449 1538 493 1568 et
514 1527 666 1583 sylvis
686 1527 903 1572 humidis
919 1558 933 1581 ,
963 1527 1224 1587 paludosis.
1285 1528 1415 1570 Gall.
1441 1553 1496 1561 -—
1516 1546 1665 1590 prope

276 1582 516 1626 Lutetiam
559 1585 710 1642 paris:
743 1586 793 1628 in
830 1588 1105 1643 Departem.
1140 1586 1320 1628 montis
1347 1588 1483 1633 Jovis
1517 1602 1663 1648 prope

275 1640 501 1682 Lautern.
536 1664 590 1673 -
639 1641 797 1687 Germ.
823 1643 877 1686 in
902 1642 1014 1688 Old.
1035 1646 1204 1685 Saxon.
1233 1642 1452 1689 Hannov.
1477 1645 1663 1695 Hauov.

275 1698 443 1744 Bavar.
470 1702 630 1744 ⁴flaustr.
657 1700 788 1743 Hass.
813 1703 1049 1746 Francon.
1072 1723 1128 1732 —

726 1815 841 1864 AD
895 1815 1074 1865 TAB.
1127 1814 1220 1865 111.

273 1898 339 1951 11.
375 1898 719 1954 Panicum.
769 1904 987 1956 Panic.
1043 1904 1276 1953 Fench.
1350 1902 1659 1967 (Panicum,

340 1967 592 2032 Milium,
681 1983 733 2020 et
807 1973 1037 2021 Gramen
1109 1971 1314 2024 Tourn.
1417 1971 1659 2035 Milium,

339 2035 618 2101 Moench).

380 2127 533 2170 Linn.
564 2128 633 2171 ed.
662 2127 757 2172 Gil.
775 2140 820 2172 2.
850 2144 896 2188 p.
923 2140 991 2173 20.
1052 2130 1252 2177 Venten.
1269 2137 1312 2171 2.
1336 2133 1407 2181 98.
1466 2127 1601 2170 Lam.
1623 2136 1657 2172 t.

269 2184 339 2236 43.
403 2185 572 2227 Cavan.
608 2184 678 2230 Pl.
718 2186 857 2243 Hisp.
899 2197 932 2230 t.
967 2197 1060 2232 110.
1124 2188 1313 2230 Gaertn.
1339 2197 1378 2231 1.
1408 2198 1456 2243 p.
1480 2195 1522 2231 2.
1557 2195 1590 2226 t.
1616 2193 1656 2225 1.

269 2239 304 2285 f.
331 2251 373 2295 3.
432 2241 660 2305 Moencli.
686 2244 757 2290 M.
787 2246 888 2287 206.
