1800 3257
346 169 761 208 Awnnoroeum.
829 153 932 218 (ad
960 153 1092 207 Tab..
1129 152 1299 218 XVI.)
1420 165 1512 206 121

128 277 290 326 munis
322 278 381 326 (s.
406 276 592 321 culmus
617 278 744 329 inter
766 278 942 332 ramos)
975 292 1262 336 compressa,
1284 276 1514 322 lateribus

129 335 364 394 oppositis
389 335 793 393 plano-sulcatis,
824 332 1010 393 angulis
1044 336 1277 393 oppositis
1308 335 1518 389 obtusis,

128 394 283 446 nuda,
317 395 459 445 ramis
487 407 525 436 s.
551 392 822 448 pedunculis
860 404 912 446 3-
932 401 1013 442 10,
1048 404 1135 433 auc
1163 391 1356 435 alternis
1375 420 1386 440 ,
1434 402 1517 435 aut

126 449 445 494 inferioribus
472 449 708 507 oppositis
729 479 743 503 ,
775 447 1196 507 superioribusque
1224 448 1437 501 alternis,
1460 449 1518 493 ad

126 505 265 551 basin
294 505 438 550 nudis
456 535 469 559 ,
500 509 626 549 inter
652 505 855 565 apiculas
881 505 1096 548 bifariam
1124 505 1337 558 villosis,
1369 507 1519 548 linea-

127 564 291 617 ribus,
323 576 368 605 et
397 563 497 616 (uti
523 563 713 607 rhaclus
741 563 1037 618 communis>
1069 566 1373 620 compressis,
1398 583 1445 597 ⁴-
1463 569 1519 619 2}

125 621 354 680 pollicem
394 619 556 671 longis
574 650 586 672 ,
637 621 827 664 inferne
855 618 1024 662 rhachi
1044 619 1276 678 adpressis
1294 651 1307 671 ,
1349 637 1531 666 versus.

127 679 308 738 apicem
329 671 697 735 patentioribus.
742 677 955 735 Spiculac
977 693 1061 735 per
1084 677 1210 735 paria
1234 678 1427 730 alterna,
1447 694 1520 721 ra-

127 736 223 786 mis
257 733 462 778 distiche
497 737 704 788 adfixae,
741 734 1056 787 lanceolatae,
1098 749 1346 794 angustae,
1388 752 1519 778 com-

125 808 312 852 ptessae
331 823 346 844 ‚
377 793 646 852 adpressae,
677 793 731 835 in
753 792 940 836 anthesi
969 793 1284 851 patentiores,
1325 805 1423 846 2-3
1455 792 1520 836 li·

126 867 233 902 neas
250 849 446 910 longae3
477 851 531 893 in
553 851 723 909 quovis
740 852 841 908 pari
868 851 924 890 al
940 861 957 890 t
971 864 992 891 e
1007 868 1029 890 r
1043 866 1071 906 a
1092 850 1267 904 mutica
1288 850 1518 906 pedicello

126 908 288 968 plano,
319 906 537 950 bifariam
559 908 738 966 piloso,
771 905 1107 964 sesquilineari
1126 907 1384 959 insidente,
1399 923 1521 950 mas-

128 965 257 1009 cula:
310 964 515 1008 altera
564 964 746 1008 sessilis
768 995 781 1017 ‚
841 965 1024 1007 aristata
1045 994 1059 1017 ,
1115 965 1514 1021 hermaphrodita.

131 1021 307 1072 Gluma
343 1021 563 1079 calycina
603 1024 676 1078 (2)
704 1022 915 1071 ‚vulvula
955 1024 1193 1064 exteriore
1229 1021 1520 1080 pubescente

127 1091 208 1122 aut
240 1076 440 1128 villosa,
485 1078 670 1130 efflata,
710 1077 992 1131 lanceolata,
1034 1094 1092 1121 ex
1130 1077 1523 1133 'viridi-striata,

124 1148 527 1196 purpurascente,
558 1135 687 1192 apice
721 1134 875 1177 albida
903 1135 1150 1193 paululum
1177 1136 1357 1188 incisa,
1400 1139 1522 1179 inte-

127 1197 255 1237 riore
286 1192 451 1235 eodem
487 1194 633 1236 modo
669 1195 716 1236 se
748 1192 982 1242 habente,
1024 1192 1103 1234 sed
1135 1193 1296 1236 minus
1324 1192 1522 1248 villosa,

126 1250 456 1311 angustiore„
484 1250 635 1308 paulo⁴
658 1251 863 1294 minore.
928 1247 1101 1292 Gluma
1138 1250 1399 1293 corollacea
1436 1261 1521 1294 aut

126 1307 372 1353 univalvis
399 1336 412 1359 ‚
458 1308 617 1361 (cette
651 1307 704 1348 in
735 1320 900 1350 nostro
931 1308 1156 1363 Depart.;
1184 1323 1186 1326 ’
1235 1307 1419 1350 uamvis
1452 1323 1523 1351 se-

126 1366 337 1410 cundum
368 1364 725 1408 observationes
760 1364 964 1407 aliorum
999 1378 1186 1421 quoque
1248 1363 1422 1406 ivalvis
1448 1380 1523 1406 re-

127 1423 358 1482 peritur.)
389 1421 586 1464 valvula
615 1435 827 1481 angusta,
858 1419 1111 1480 diaphana,¹
1137 1434 1381 1482 argentea,
1411 1420 1524 1464 lon-

129 1479 349 1542 gitudine
379 1479 479 1520 fere
512 1478 811 1526 valvulaturn
855 1478 1192 1536 calycinarum.
1264 1479 1430 1520 Arista
1465 1481 1522 1524 in

130 1536 331 1597 spiculis
353 1534 760 1594 hermaphroditis
781 1536 837 1578 ad
868 1531 1002 1587 basin
1027 1534 1182 1577 ovarii
1207 1535 1386 1578 inserta
1401 1566 1415 1588 ,
1445 1536 1524 1579 in-

128 1596 263 1640 ferne
287 1608 370 1652 per
390 1591 567 1635 lentem
590 1606 730 1645 torta,
748 1592 802 1636 in
826 1593 985 1636 medio
1006 1591 1289 1654 geniculata,
1306 1608 1524 1647 recurva,

131 1651 313 1712 spicula
337 1647 727 1711 multolongior.
802 1650 1044 1692 Ancheraa
1073 1648 1338 1694 violaceae.'
1394 1650 1523 1694 Ova-

129 1715 253 1755 rium
278 1707 554 1761 oblongum.
616 1708 746 1768 Styli
771 1706 955 1770 glabri,
984 1705 1095 1769 albi.
1123 1711 1127 1714 ’
1156 1705 1393 1766 Stigmata
1414 1706 1524 1768 plu-

190 1880 261 1937 (2)
297 1877 519 1923 Glumam
556 1878 826 1938 calycinam
867 1879 894 1922 b
911 1882 966 1923 ἱυ
984 1878 1081 1922 αΖυ
1097 1894 1176 1922 em
1214 1893 1315 1925 esse
1361 1879 1523 1933 credo,

182 1977 185 1981 .
248 1936 559 1980 corollaceam
603 1951 718 1980 vero
766 1940 908 1980 univ
925 1936 1022 1979 alv
1039 1953 1133 1979 em.
1180 1941 1183 1943 ’
1212 1936 1445 1978 Valvulae
1494 1949 1522 1982 2

246 1996 490 2051 oppositae
511 2005 738 2036 externae
759 1995 913 2052 quoad
935 2006 1218 2038 structuram
1243 2006 1287 2036 et
1310 1992 1522 2044 colorem

244 2050 381 2095 valde
406 2049 590 2094 Similes
621 2065 763 2100 sunt;
803 2055 989 2093 interna
1024 2062 1176 2094 autem
1212 2049 1521 2107 (corollacea)

244 2124 345 2152 :non
377 2107 533 2158 solum
569 2108 1187 2168 tenerrimapellucidaque
1225 2107 1523 2162 observatur,

246 2166 327 2210 sed
345 2164 519 2224 gibbus
534 2166 735 2227 exiguus
751 2182 937 2224 quoque
954 2168 997 2210 ei
1022 2166 1268 2224 oppositus
1302 2165 1523 2217 (fortasse

245 2222 573 2288 {rudimentum
592 2223 810 2270 valvulae
827 2225 1020 2271 alferius
1046 2222 1357 2279 coronaceae)
1389 2237 1522 2282 saepe

248 2296 330 2326 inv
340 2293 512 2325 emtur-
