1800 3257
434 165 559 203 POA.
623 151 717 215 (ad
742 142 881 202 Tab.
907 150 1094 215 XXII.)
1351 151 1454 219 159

77 272 230 326 nudi,
262 272 410 317 albidi
433 287 478 316 et
507 273 793 317 snbviolacei
824 287 901 316 aut
919 273 1093 331 pallide
1119 275 1296 319 virides
1313 305 1326 328 ,
1358 275 1454 336 gla-

76 330 295 383 berrimi,
327 333 482 390 primo
508 332 688 375 intuitu
716 343 902 381 teretes,
933 345 1056 384 certe
1084 348 1197 375 vero
1228 333 1454 386 (obscure

75 388 294 444 quidem)
326 386 764 447 compressinsculi,
792 400 870 429 aut
890 385 1151 445 simplices,
1182 404 1258 432 aut
1280 406 1338 432 ex
1355 389 1455 433 basi

75 446 281 495 ramosi,
312 447 448 488 nodis
475 452 564 490 ἰι-3
591 444 840 503 purpureis
867 445 1054 497 donati,
1083 447 1456 504 semipedales—-

76 501 283 559 pedales,
316 515 361 545 et
385 501 526 560 paulo
547 503 809 551 longiores.
873 503 1005 543 Folia
1029 505 1258 545 radicalia
1282 505 1453 546 densos

81 558 311 617 caespites
334 561 619 612 formantia,
639 550 754 601 “raro
773 557 896 600 ultra
915 557 1138 615 pollicem
1163 559 1326 621 longa:
1359 562 1454 602 cul-

76 630 179 655 mea
212 631 355 673 pauca
372 645 385 667 ,
412 618 587 659 sensim
616 618 800 659 minora
819 645 831 667 ,
861 633 1119 672 supremum
1151 618 1238 659 Vix
1264 631 1283 670 3
1305 616 1454 660 lineas

76 669 274 731 longum
291 702 304 725 ,
332 674 630 731 adpressum:
663 676 818 715 omnia
841 674 1006 733 pagina
1030 673 1262 716 inferiore
1286 673 1457 726 laevia,

78 729 322 786 superiore
351 743 503 772 autem
544 731 710 791 pagina
751 742 796 771 et
830 731 1123 790 marginibus
1159 731 1330 773 albidis
1358 731 1457 788 ple·

75 799 277 843 rumque
306 787 638 839 scabriuscula,
669 800 815 829 nervo
837 787 1010 829 dorsali
1032 789 1270 829 eminente
1297 789 1459 844 adapi-

79 857 180 884 cem
209 843 440 886 cru-inante
469 845 691 904 praedita,
722 844 1131 902 plerumquelaete
1151 845 1459 897 vii·idia,fere

78 897 269 960 glauca,
308 916 412 943 raro
451 903 776 951 subviolacea‚
814 901 1096 953 lanceolata,
1141 904 1306 944 siccata
1324 918 1460 944 ⁴nun-

79 971 218 1013 quam
249 957 601 1016 conduplicata,
644 959 725 1001 sed
751 971 901 1010 torta,
949 973 1130 1016 semper
1158 974 1272 1001 vero
1303 958 1461 1017 plana,

37 1025 44 1028 ’
79 1014 211 1071 apice
274 1017 421 1074 magis
472 1015 643 1058 obtuso
691 1031 827 1073 quam
903 1029 1178 1058 mucronato
1195 1045 1209 1068 ,
1271 1016 1459 1058 durius-

80 1068 214 1121 cula,
267 1071 464 1114 laeviter
497 1073 655 1115 striata
673 1102 687 1124 ,
747 1073 802 1114 ad
852 1088 1087 1114 summum
1133 1085 1161 1117 2
1201 1072 1348 1115 lineas
1395 1072 1461 1114 la·

81 1137 143 1168 ta.
208 1125 419 1184 Vaginas
453 1145 692 1187 nunquam
725 1130 778 1171 in
820 1128 959 1170 dorso
999 1141 1156 1186 argute
1201 1130 1460 1181 carinatas,

81 1183 165 1226 sed
186 1198 336 1226 nervo
364 1184 539 1228 dorsali
562 1185 875 1228 eminentiore
895 1185 1167 1228 observavi:
1200 1200 1352 1228 omnes
1367 1185 1461 1247 gla-

78 1240 208 1291 brae,
239 1241 412 1293 laeves,
445 1243 649 1295 striatae,
680 1243 919 1285 interdum
935 1243 1133 1285 obscure
1151 1258 1462 1300 compressae,

81 1296 242 1341 colore
267 1298 515 1342 foliorum.
579 1301 750 1357 Ligula
769 1298 1006 1357 pellucida
1023 1329 1036 1351 ,
1083 1300 1323 1341 interdum
1351 1315 1463 1357 pau-

80 1353 239 1398 lulum
261 1355 422 1399 albido
438 1356 794 1409 -subviolacea,
829 1372 967 1398 unam
993 1355 1165 1399 lineam
1190 1357 1348 1416 longa,
1379 1356 1462 1398 ob-

82 1423 213 1464 tusa,
254 1428 386 1470 saepe
409 1427 561 1457 autem
591 1415 839 1457 tridentata
855 1443 869 1466 ,
912 1414 1049 1456 dente
1072 1430 1238 1472 nempe
1256 1414 1464 1472 perfecte

82 1469 402 1522 intermedio,
454 1484 499 1514 et
533 1485 558 1513 2
589 1469 879 1513 lateralibus.
954 1471 1177 1512 Panicula
1219 1471 1415 1528 pulchra
1445 1499 1462 1520 ,

84 1526 246 1579 densa,
289 1540 540 1579 coarctata,
591 1529 689 1570 fere
711 1540 841 1570 ovata
858 1557 872 1579 ,
917 1539 944 1581 9
969 1527 1117 1569 lineas
1146 1528 1201 1569 ad
1222 1526 1462 1570 summurn

83 1584 333 1641 2pollices
360 1585 526 1644 longa,
565 1583 713 1627 lineas
748 1586 872 1627 6-10
901 1583 1016 1636 lata,
1071 1584 1263 1636 obtusa,
1311 1585 1464 1643 plani·

83 1640 278 1692 ascula,
312 1655 486 1692 erecta,
519 1655 596 1684 aut
618 1641 862 1700 paululum
898 1658 1005 1684 cum
1029 1642 1188 1686 culmo
1209 1641 1466 1693 inclinato,

85 1697 140 1740 in
172 1699 357 1741 anthesi
377 1699 747 1756 patentiuscula,
787 1697 1074 1742 duriuscula.
1144 1699 1351 1741 Rhaclzis
1373 1698 1465 1740 lae-

86 1755 162 1797 vis
182 1786 194 1807 ‚
235 1756 528 1813 internodiis
555 1755 747 1799 alternis
780 1756 1157 1808 semiteretibus,
1195 1756 1338 1798 latere
1365 1771 1461 1799 uno

85 1811 245 1871 plano.
301 1813 550 1855 I'ecluncnli
572 1814 825 1859 inferiores
849 1830 956 1856 curn
980 1813 1177 1871 spiculis
1198 1818 1295 1867 4-6
1313 1813 1468 1856 lineas'

88 1870 253 1929 longi,
287 1869 625 1922 scabriusculi‚
657 1871 919 1913 alternatim
947 1869 1362 1922 semiverticillati,
1388 1870 1464 1911 in-

88 1928 288 1971 feriores
316 1943 412 1970 non
431 1943 535 1971 raro
563 1927 785 1980 solitarii,
815 1941 892 1970 aut
916 1926 1035 1976 bini,
1068 1943 1171 1970 raro
1195 1928 1336 1980 terni,
1362 1943 1463 1969 om-

88 2001 171 2027 nes
195 1985 388 2034 ramosi,
431 1985 658 2028 nonnulli
686 1986 772 2027 vix
800 1998 828 2028 2
844 1996 896 2038 -3
921 1983 1070 2026 lineas
1093 1986 1148 2026 ad
1174 1985 1302 2028 basin
1323 1986 1463 2034 nudi,

91 2041 353 2100 capillares,
385 2042 792 2086 semiverticaliter
807 2043 967 2094 erecti,
997 2057 1338 2099 nonnunquam
1355 2042 1466 2084 sub-

89 2099 310 2142 flexuosi.
375 2100 588 2156 §piculae
610 2113 795 2153 ovatae,
825 2111 980 2142 acutae
1000 2129 1014 2152 ,
1057 2115 1373 2157 compressae,
1406 2115 1464 2140 ex

89 2157 477 2199 violaceo-viridi
499 2171 543 2200 et
557 2157 714 2200 albido
735 2157 1009 2218 variegatae,
1038 2169 1180 2199 aetate
1200 2158 1465 2199 fusce-scen-

91 2226 163 2257 tes
199 2227 244 2257 et
274 2213 482 2267 albidae,
523 2215 932 2273 subsplendente5‚
963 2226 990 2256 2
1008 2238 1028 2245 ·
1049 2218 1099 2266 33,-
1125 2213 1270 2256 lineas
1294 2213 1463 2255 lonoae

89 2269 233 2331 paulo
258 2270 378 2315 ultra
399 2271 572 2315 lineam
590 2271 736 2326 latae,
785 2285 864 2316 aut
895 2271 1100 2315 breviter
1133 2250 1430 2329 pedicellatffe
1447 2299 1466 2323 ,
