1800 3257
476 146 774 200 Grumum.
843 148 931 210 (ad
960 145 1091 201 Tab.
1127 148 1201 210 1.)
1488 145 1532 198 '5

144 274 250 320 bus.
308 271 354 314 A
368 274 454 314 ris
472 282 490 313 t
505 288 532 313 a
546 290 567 314 e
591 287 825 315 mucrones
845 286 1033 328 nempe,
1067 271 1233 314 setacei
1251 300 1265 322 ,
1295 270 1429 328 parvi
1453 281 1530 313 aut

133 330 229 376 jon
263 328 311 385 i,
350 329 590 372 interdum
614 343 692 373 aut
713 329 837 388 apici
858 329 1062 371 insertae
1088 341 1223 375 sunt,
1258 341 1336 370 aut
1367 329 1530 381 dorso,

144 401 224 431 aut
279 387 344 429 asi
365 387 559 446 paginae
585 387 835 429 exterioris
851 415 865 437 ‚
897 385 1139 426 rarissime
1163 385 1412 428 interioris
1430 383 1528 428 val-

143 444 361 488 vularum
376 456 466 486 tam
485 443 847 486 corollacearum
881 441 1184 498 (plerumque
1206 442 1527 496 exteriorum)

144 517 282 559 quarn
318 500 653 558 calycinarum.
734 501 1004 542 Stamina
1037 499 1162 540 infra
1190 500 1419 543 Ovarium
1437 530 1451 553 ,
1486 499 1527 542 si

140 559 300 611 adest,
328 558 504 600 inserta
519 588 532 608 ‚
571 556 954 615 frequentissime
992 556 1081 597 tria
1097 587 1109 609 ,
1152 571 1257 598 raro
1291 569 1333 600 2.
1371 556 1526 598 Fila..

145 631 190 657 m
206 631 227 656 e
242 633 270 656 n
287 627 305 656 t
317 631 346 656 a
379 614 630 671 capillaria.
666 616 708 655 A
721 632 749 656 n
764 625 781 656 t
796 615 820 655 h
837 629 857 655 e
873 631 893 654 r
906 629 933 654 a
950 630 971 653 e
996 612 1244 674 oblongae,
1260 613 1528 666 versatiles,

144 673 376 724 furcatae,
423 687 527 715 raro
559 672 770 733 integrae
803 684 881 714 aut
914 669 1152 730 globosae.
1230 668 1528 712 ovar-ium

145 728 375 783 (Ger-men
391 729 534 783 Lin.)
565 730 786 787 simpleX‚
798 727 1023 777 liberum,
1057 726 1158 769 basi
1187 726 1254 782 Sq
1269 743 1296 766 u
1309 741 1335 765 a
1350 743 1392 767 m
1406 726 1461 766 ul
1477 728 1527 769 is

147 785 387 840 (nectariis
403 788 491 840 L.)
505 800 547 838 2,
562 802 665 829 raro
692 787 848 838 unica,
874 784 1118 826 rarissime
1134 795 1174 835 3,
1197 781 1529 836 verticalibus‚

146 843 387 885 interdum
413 842 792 887 horizontalibus
808 873 821 894 ‚
852 857 984 899 saepe
1007 841 1095 883 vix
1115 840 1405 893 manifestis,
1428 839 1529 899 ple-

145 915 346 957 rumque
375 902 676 952 tenerrimis,
707 898 1103 951 membranaceis,
1137 897 1393 954 pellucidis
1413 929 1427 950 ,
1458 912 1530 939 ra-

144 957 340 999 rissime
365 958 678 1018 cartilagineis
695 987 708 1009 ,
741 955 1045 1001 obvallatum.
1113 953 1242 1010 Scyli
1265 954 1530 1011 capillareS,

143 1014 408 1073 plurimum
431 1015 628 1065 reflexi,
659 1029 791 1072 saepe
819 1013 943 1064 duo,
974 1011 1213 1054 interdum
1241 1013 1431 1064 unicus,
1460 1027 1533 1053 ra-

145 1070 336 1113 rissime
359 1080 471 1113 tres.
534 1071 564 1110 S
580 1080 596 1110 t
611 1074 666 1126 ig
681 1087 761 1111 ma
778 1081 836 1110 ca
858 1070 1074 1125 plumosa
1107 1078 1186 1108 aut
1204 1066 1529 1122 pubescentia,

145 1142 252 1170 raro
278 1123 447 1176 glabra.
513 1124 621 1168 Gla
637 1142 678 1166 m
691 1142 719 1165 α
749 1142 770 1166 c
784 1140 808 1166 ο
827 1141 848 1164 r
862 1125 985 1165 olla
1000 1141 1022 1164 c
1036 1141 1057 1164 e
1073 1141 1102 1164 a
1130 1121 1238 1164 loco
1270 1126 1528 1180 pericarpiz'

148 1199 307 1228 semen
332 1182 499 1224 fovens
518 1211 532 1234 ,
577 1193 657 1224 auc
693 1181 736 1224 ei
771 1181 931 1224 adnata
959 1195 1044 1221 nec
1073 1178 1318 1222 dehiscens
1343 1197 1429 1223 nec
1454 1182 1532 1223 de-

146 1242 340 1284 mittens
360 1269 373 1292 ,
430 1250 510 1279 auc
544 1252 664 1281 arcte
704 1251 882 1281 tanturn
916 1235 1167 1278 includens
1208 1247 1253 1277 et
1285 1236 1530 1280 interdum

146 1297 272 1341 haud
293 1295 559 1338 demittens.
596 1297 661 1336 Se
675 1313 750 1337 me
765 1313 793 1335 η
825 1295 1021 1337 unicum
1048 1309 1119 1335 sae
1157 1308 1179 1334 e
1195 1293 1531 1347 incrustatum,

150 1368 195 1398 et
229 1352 506 1411 oblongum.
570 1352 822 1409 Embryo
863 1308 1355 1407 monocotyfedoneus
1372 1381 1386 1403 ,
1429 1367 1533 1408 par-

146 1427 237 1455 vus
253 1441 266 1462 ‚
305 1410 492 1453 inferne
528 1408 666 1453 lateri
699 1408 736 1450 P
749 1426 770 1451 e
784 1427 804 1450 r
819 1406 909 1467 isp
924 1425 946 1449 e
962 1425 983 1449 r
997 1411 1070 1448 mi
1099 1407 1302 1450 farinosi
1321 1438 1335 1459 ,
1376 1407 1532 1452 multo

149 1468 362 1531 majoris,
394 1468 601 1510 adnatus.
671 1465 870 1509 Vitellus
894 1480 1211 1523 squamaceus,
1243 1481 1263 1504 s
1279 1481 1300 1505 e
1317 1482 1344 1505 u
1360 1475 1378 1505 t
1390 1483 1412 1506 e
1426 1465 1472 1506 ll
1486 1469 1533 1507 is

147 1525 370 1584 pluribus
404 1537 650 1575 constans,
689 1522 918 1564 interiore
943 1522 1064 1564 facie
1089 1521 1343 1578 embryoni
1361 1551 1374 1575 ,
1408 1535 1534 1564 exte-

148 1584 277 1626 riore
309 1579 600 1639 perisperrno
631 1578 900 1621 adhaerens.
961 1578 1001 1619 L
1017 1593 1041 1620 0
1058 1578 1083 1620 b
1097 1596 1122 1618 u
1137 1594 1156 1619 s
1183 1578 1459 1635 embryonis
1480 1580 1536 1621 in

151 1638 495 1701 germinatione
537 1636 826 1695 persistens,
875 1635 962 1677 uni
991 1634 1130 1676 lateri
1165 1633 1325 1678 baseos
1356 1636 1535 1693 primae

149 1697 344 1758 vaginae
363 1723 376 1747 ,
435 1694 540 1736 Plu
554 1712 593 1735 m
610 1712 635 1735 u
652 1694 708 1734 la
722 1710 763 1734 m
809 1707 1124 1751 compressam
1171 1693 1374 1753 tegentis
1393 1722 1407 1745 ,
1458 1692 1535 1735 ad-

150 1768 319 1798 nexus.
381 1750 425 1793 Ρι
443 1767 470 1791 α
487 1751 515 1792 d
529 1754 543 1792 i
557 1768 577 1792 c
592 1768 618 1791 ιι
632 1751 647 1791 Ζ
660 1767 687 1791 a
714 1750 884 1794 infera.

267 1836 270 1839 v
321 1807 550 1852 Gramina
564 1836 578 1857 ,
612 1822 635 1848 a
655 1807 1066 1863 Semigramz'nibus
1088 1804 1275 1848 diversa
1295 1818 1431 1848 sunt:

270 1865 427 1908 Culmo
460 1879 527 1906 no
544 1864 642 1905 dos
658 1879 682 1905 o
698 1892 712 1912 ‚
757 1875 879 1905 certe
913 1863 969 1904 ad
1001 1862 1204 1904 radicem
1220 1889 1233 1910 ‚
1277 1863 1356 1915 (in
1387 1863 1534 1907 Serni-

153 1921 445 1984 graminibus
480 1920 650 1967 enodi:
683 1931 862 1976 except.
898 1917 1149 1961 nonnullis
1173 1934 1209 1960 e.
1236 1932 1304 1978 gr.
1329 1919 1530 1962 Schoen.

152 1979 362 2034 marisc.)
378 2007 392 2029 ‚
412 1974 506 2034 fis
519 1988 536 2018 c
552 1978 610 2018 ul
625 1993 649 2018 0
664 1993 684 2018 s
698 1993 723 2018 o
741 1977 871 2032 (exc.
886 1978 1000 2032 Zea)
1029 1976 1106 2031 (in
1121 1978 1393 2034 Semigram.
1413 1992 1534 2018 sem-

152 2053 237 2097 per
272 2033 479 2079 medulla
513 2034 753 2092 impleto).
818 2032 999 2076 Glumz‘s
1034 2033 1261 2090 calycinis
1294 2033 1334 2074 si
1367 2034 1538 2076 adsunt

156 2096 304 2152 magis
348 2094 410 2134 de
424 2093 516 2134 cla
529 2110 550 2133 r
567 2108 594 2132 a
610 2094 688 2133 tis
705 2109 718 2132 .-
777 2090 1048 2132 corollaceis
1094 2093 1221 2145 (exc.
1257 2089 1535 2144 nonnullis)

157 2149 510 2193 bivalvibus
549 2148 953 2209 (inssemigramz
995 2159 1074 2191 aut
1095 2147 1184 2191 uni
1208 2171 1229 2179 -
1254 2160 1377 2202 aut⁷3
1395 2175 1412 2200 ‚
1458 2160 1537 2194 aut

157 2205 545 2267 plurivalvibus).

1113 2321 1212 2362 Λα
