1800 3257
317 197 362 234 x
729 174 1225 228 PRAEFATIO.

417 328 788 402 Plurzflorium
858 329 1106 395 inprimis
1171 328 1473 392 plantarum
1543 322 1686 374 haud

311 482 501 532 paucas
532 465 772 531 pluribus
807 461 1108 512 tabularum
1141 459 1267 507 locis
1296 458 1493 520 illatas,
1530 453 1687 501 variis

311 602 474 649 etiam
508 599 718 648 easdem
745 610 898 660 saepe
934 592 1260 656 diversisque
1295 589 1575 657 generibus
1597 560 1687 637 sd-

312 731 527 797 scriptas
562 746 587 777 a
614 727 772 778 nobis
795 726 985 776 videas.
1060 721 1219 790 Quod
1241 737 1353 769 non
1375 720 1553 785 potuit
1574 735 1683 768 non

308 865 453 929 fieri,
495 877 601 927 quo
625 859 820 908 certius
850 856 1145 921 quaerentis
1167 852 1334 901 labori
1365 850 1685 900 adsereretur

305 992 719 1056 compendium,
790 1003 1003 1051 quoque
1066 986 1273 1047 saepius
1336 981 1550 1048 accidit,
1622 991 1686 1029 ut

305 1125 480 1173 forma
527 1118 888 1166 inconstantes
926 1113 1180 1177 dubium,
1231 1113 1317 1160 cui
1359 1114 1469 1160 sint
1503 1129 1683 1162 accen..

303 1253 493 1301 sendae
525 1249 730 1316 generi,
770 1248 978 1311 plantae
1009 1246 1392 1310 speculatorem
1418 1217 1682 1311 relinque-

302 1394 453 1447 rent,
517 1391 609 1430 aut
645 1380 851 1445 quoties
897 1393 960 1426 eo
1008 1393 1095 1426 me
1141 1378 1457 1426 destitutum
1480 1375 1679 1438 judicii

301 1514 544 1562 acumine
590 1511 868 1559 sensissem
889 1546 905 1573 ,
968 1510 1060 1572 qui
1117 1508 1328 1557 stabiles
1384 1524 1566 1556 earum
1621 1524 1679 1556 ac

299 1651 579 1708 perpetuas
627 1649 777 1686 notas
825 1640 1188 1687 constitueret.
1275 1636 1502 1687 Caussae
1549 1654 1674 1687 vero

299 1771 403 1820 loci
444 1733 749 1833 cuiusque,⁸
775 1767 999 1833 singulis
1030 1767 1224 1831 plantis
1266 1770 1324 1816 in
1365 1768 1554 1817 tabulis
1588 1771 1677 1818 ad.

299 1900 508 1963 tributi,
535 1914 598 1944 ex
621 1899 826 1961 copiosa
854 1899 976 1945 satis
1005 1896 1297 1948 formarum
1325 1901 1674 1965 descriptione
1702 1920 1704 1922 “

297 2047 408 2081 non
447 2030 632 2078 dubito
663 2029 792 2092 quin
829 2037 1040 2093 pateant
1076 2044 1277 2081 ornnes.

399 2161 594 2208 Fateor
617 2160 797 2221 etiarn,
824 2158 988 2206 multa
1014 2175 1100 2206 me
1126 2160 1360 2225 gramina
1390 2161 1452 2208 ad
1479 2177 1670 2229 genera

257 2335 259 2337 ,
297 2291 536 2348 retulisse
572 2290 635 2341 ab
676 2290 770 2355 iis,
819 2290 1009 2354 quibus
1054 2290 1321 2356 Limum,
1372 2291 1670 2349 Jussievus‚
